
@book{
    StarTrekStarFleetTechnicalManual,
  Author      = {Schnaubelt, Franz Anton Joseph.},
  Title       = {Star Trek: Star Fleet Technical Manual},
  Publisher   = {Ballantine Books},
  Year        = {1986},
  ISBN        = {0345340744},
  address     = {New York},
}

@misc{XprizeHealth,
  author      = {X PRIZE Foundation},
  title       = {Healthcare in the palm of your hand},
  howpublished= {\url{http://www.qualcommtricorderxprize.org/}},
  month       = {January},
  year        = {2012},
}

@article{
    {Bates, Ling, Mann, & Arvind, 2010},
  Author      = {Bates, A; Ling, M J; Mann, J; Arvind, D K.},
  Title       = {Respiratory Rate and Flow Waveform Estimation from Tri-axial Accelerometer Data},
  Publisher   = {Consortium in Speckled Computing, Univ. of Edinburgh},
  Year        = {2010},
  ISBN        = {0345340744},
  address     = {Edinburgh},
  doi         = {978-1-4244-5817-2},
  URL         = {http://ieeexplore.ieee.org/stamp/stamp.jsp?tp=&arnumber=5504743&isnumber=5504718}
}

@INPROCEEDINGS{
    {Zhao, Zhao & Qun, 2008},
  author      = {Zhao, Yanna; Zhao, Jie; Li, Qun.},
  booktitle   = {Future BioMedical Information Engineering, 2008. FBIE '08. International Seminar on}, title={Derivation of Respiratory Signals from Single-Lead ECG},
  year        = {2008},
  month       = {dec.},
  volume      = {},
  number      = {},
  pages       = {15 -18},
  keywords    = {band-pass filter;frequency 5 Hz;health care monitoring systems;low-pass filter;quadric B-spline wavelet transform;real-time remote monitoring systems;signal processing technique;single-lead ECG respiratory signal;band-pass filters;electrocardiography;health care;low-pass filters;medical signal processing;patient monitoring;splines (mathematics);wavelet transforms;},
  doi={10.1109/FBIE.2008.41},
  ISSN        = {}
}

@ARTICLE{
    {Boyle, Bidargaddi, Sarela & Karunanithi, 2009},
  author      = {Boyle, J. and Bidargaddi, N. and Sarela, A. and Karunanithi, M.},
  journal     = {Information Technology in Biomedicine, IEEE Transactions on}, title={Automatic Detection of Respiration Rate From Ambulatory Single-Lead ECG},
  year        = {2009},
  month       = {nov. },
  volume      = {13},
  number      = {6},
  pages       = {890 -896},
  keywords    = {RR technique;abnormal electrical behavior;ambulatory single-lead ECG;apnea;automatic detection;bandpass filter;cardiovascular system;electrocardiography;frequency 0.2 Hz to 0.8 Hz;nasal cannula respiratory monitor;respiration rate detection;time 1 h;band-pass filters;cardiovascular system;electrocardiography;medical signal detection;pneumodynamics;Activities of Daily Living;Data Interpretation, Statistical;Electrocardiography;Heart Rate;Humans;Monitoring, Ambulatory;Reproducibility of Results;Respiratory Rate;Signal Processing, Computer-Assisted;},
  doi={10.1109/TITB.2009.2031239},
  ISSN        = {1089-7771}
}

@article{
	{Hunter 2008}
  Author      = {Hunter J, Rawlings-Anderson K}
  Title       = {Respiratory assessment}
  Year        = {2008}
  URL         = {http://www.plymouthhospitals.nhs.uk/ourservices/healthcareprofessionalsguide/criticalcareeducation/Documents/vent_resp%20assessment.pdf}
}

@article{
    {Sadasivan 2006}
  Author      = {Sadasivan, Shyam},
  Title       = {An Introduction to the ARM Cortex-M3 Processor},
  Year        = {2006},
  URL         = {http://www.arm.com/files/pdf/IntroToCortex-M3.pdf}
}

@misc{
    {ARM 2012},
  author      = {ARM Holdings},
  title       = {Cortex-M3 Processor},
  howpublished= {\url{http://www.arm.com/products/processors/cortex-m/cortex-m3.php}},
  month       = {April},
  year        = {2012}
}

@article{
    {Energy Micro 2011}
  Author      = {Energy Micro AS},
  Title       = {Cortex-M3 Reference Manual},
  Year        = {2011},
  month       = {February},
  URL         = {cdn.energymicro.com/dl/devices/pdf/d0002_efm32_cortex-m3_reference_manual.pdf}
}
